@article{breiman,
    author = {Leo Breiman},
    title = {{Random Forests}},
    journal = {Machine Learning},
    volume = {45},
    year = {2001},
    pages = {5--32},
    issue = {1},
    masid = {107710}
}
